
@article{14405884 ,
language = {English},
copyright = {Copyright 2014, The Institution of Engineering and Technology},
title = {Simulations Research on Smith Predictive adaptive Fuzzy-PID Compound Controller in the temperature control system of Microchip Level PCR Instrument},
journal = {Applied Mechanics and Materials},
journal = {Appl. Mech. Mater. (Switzerland)},
author = {Honghua Liao},
volume = { 373-375},
year = {2013//},
pages = {1324 - 31},
issn = {1660-9336},
address = {Switzerland},
URL = {http://dx.doi.org/10.4028/www.scientific.net/AMM.373-375.1324},
} 

@inproceedings{12436620 ,
language = {English},
copyright = {Copyright 2012, The Institution of Engineering and Technology},
title = {FEA for steady-state thermal performance of PCR thermal-cycler based on thermoelectric cooler},
journal = {2011 4th International Conference on Biomedical Engineering and Informatics},
author = {Jing Huang and Zhangwei Chen and Kewei Hu},
volume = {vol.2},
year = {2011//},
pages = {1097 - 100},
address = {Piscataway, NJ, USA},
keywords = {biomedical engineering;DNA;finite element analysis;molecular biophysics;thermoelectric cooling;},
note = {steady state thermal performance;PCR thermal cycler;thermoelectric cooler;polymerase chain reaction;PCR technology;DNA sequence;periodic heating;cooling;finite element model;multistage TEC;ANSYS Workbench 12.0;TEC XLT2389 and;},
URL = {http://dx.doi.org/10.1109/BMEI.2011.6098422},
} 

@article{15156909 ,
language = {English},
copyright = {Copyright 2015, The Institution of Engineering and Technology},
title = {Tech talk: (5) temperature measurement basics},
journal = {Measurement and Control},
journal = {Meas. Control (UK)},
author = {Edwards, J.E. and Otterson, D.W.},
volume = { 47},
number = { 9},
year = {2014/11/},
pages = {276 - 82},
issn = {0020-2940},
address = {UK},
URL = {http://dx.doi.org/10.1177/0020294014551628},
} 

@article{2563996 ,
language = {French},
copyright = {Compilation and indexing terms, Copyright 2016 Elsevier Inc.},
copyright = {GEOBASE},
title = {Real-time Polymerase Chain Reaction (PCR) for the study of ancient DNA},
title = {Application de la technique de PCR en temps reel a l'etude de l'ADN ancien},
journal = {Comptes Rendus - Palevol},
author = {Kefi, Rym and Mafart, Bertrand and Spadoni, Jean Louis and Stevanovitch, Alain and Beraud-Colomb, Eliane},
volume = {2},
number = {2},
year = {2003},
pages = {125 - 132},
issn = {16310683},
keywords = {analytical method;archaeological evidence;DNA;polymerase chain reaction;skeletal remains;},
URL = {http://dx.doi.org/10.1016/S1631-0683(03)00029-0},
} 

@article{20160801988967 ,
language = {English},
copyright = {Compilation and indexing terms, Copyright 2016 Elsevier Inc.},
copyright = {Compendex},
title = {Design and implementation of a nonlinear controller for thermal cycler with application to DNA amplification},
journal = {Transactions of the Institute of Measurement and Control},
author = {Shirafkan, R. and Abdevand, M.M. and Ghanbari, M. and Shoaei, O. and Yazdanpanah, M.J.},
volume = {38},
number = {3},
year = {2016},
pages = {293 - 304},
issn = {01423312},
URL = {http://dx.doi.org/10.1177/0142331215597295},
} 

@article{6464884 ,
author = {Widomski, John R. and Fawcett, Adrian and Olsen, Douglas E. and Noreiks, Richard W. and Wittmer, Charles M. and Hetherington, Paul M. and Atwood, John G. and Ferrara, Keith S.},
title = {Thermal cycler for PCR},
year = {2007/05/24},
volume = {11654239},
number = {20070113880},
address = {US},
year = {2007/01/17},
copyright = {H01L35/28},
copyright = {Compilation and indexing terms, 2016 LexisNexis Univentio B.V.},
} 

@inproceedings{2006289990179 ,
language = {English},
copyright = {Compilation and indexing terms, Copyright 2016 Elsevier Inc.},
copyright = {Compendex},
title = {Some important considerations in heatsink design},
journal = {Proceedings of the 6th International Conference on Thermal, Mechanical and Multi-Physics Simulation and Experiments in Micro-Electronics and Micro-Systems - EuroSimE 2005},
author = {Karimpourian, Bijan and Mahmoudi, Jafar},
volume = {2005},
year = {2005},
pages = {406 - 413},
address = {Berlin, Germany},
URL = {http://dx.doi.org/10.1109/ESIME.2005.1502838},
} 

@inproceedings{20144600208116 ,
language = {English},
copyright = {Compilation and indexing terms, Copyright 2016 Elsevier Inc.},
copyright = {Compendex},
title = {Heat transfer and cooling techniques at low temperature},
journal = {CAS-CERN Accelerator School: Superconductivity for Accelerators - Proceedings},
author = {Baudouy, B.},
year = {2014},
pages = {329 - 352},
address = {Erice, Italy},
URL = {http://dx.doi.org/10.5170/CERN-2014-005.329},
} 

@article{ 1704922,
author = {Wittwer, Carl T.},
title = {System and methods for monitoring PCR processes},
year = {2006/09/27},
volume = {05020549.1},
number = {1704922},
address = {EP},
year = {1997/06/04},
copyright = {B01L3/14;C12Q1/68},
}

@article{ 7238517,
author = {Williams, Fenton and Mossa, Albert Carmelo and Goven, Lisa May and Woudenberg, Timothy M. and Leath, Richard and Margulies, Marcel and Atwood, John Girdner and Miles, Clive and Ragusa, Robert P.},
title = {Thermal cycler for automatic performance of the polymerase chain reaction with close temperature control},
year = {2007/07/03},
volume = {10691186},
number = {7238517},
address = {US},
year = {2003/10/22},
copyright = {C12M1/38},
} 

@article{20130415930883 ,
language = {English},
copyright = {Compilation and indexing terms, Copyright 2016 Elsevier Inc.},
copyright = {Compendex},
title = {Sensor placement in temperature-based control strategies to improve baseline stability in Tian-Calvet microcalorimeters},
journal = {Journal of Thermal Analysis and Calorimetry},
author = {Vilchiz-Bravo, Luis E. and Pacheco-Vega, Arturo and Handy, Brent E.},
volume = {111},
number = {1},
year = {2013},
pages = {857 - 867},
issn = {13886150},
URL = {http://dx.doi.org/10.1007/s10973-012-2195-8},
} 

@article{ 20070113880,
author = {Widomski, John R. and Fawcett, Adrian and Olsen, Douglas E. and Noreiks, Richard W. and Wittmer, Charles M. and Hetherington, Paul M. and Atwood, John G. and Ferrara, Keith S.},
title = {Thermal cycler for PCR},
year = {2007/05/24},
volume = {11654239},
number = {20070113880},
address = {US},
year = {2007/01/17},
copyright = {H01L35/28},
} 

@Article{OLAFSSON1997,
author="OLAFSSON, P.
and SANDSTROM, R.
and KARLSSON, {\AA}",
title="Comparison of experimental, calculated and observed values for electrical and thermal conductivity of aluminium alloys",
journal="Journal of Materials Science",
year="1997",
volume="32",
number="16",
pages="4383--4390",
issn="1573-4803",
doi="10.1023/A:1018680024876",
url="http://dx.doi.org/10.1023/A:1018680024876"
}

@inproceedings{11303490 ,
language = {English},
copyright = {Copyright 2010, The Institution of Engineering and Technology},
title = {Embedded Temperature Monitoring and Control Unit},
journal = {Proceedings of the 2010 International Conference on Recent Trends in Information, Telecommunication and Computing (ITC 2010)},
author = {Balraj, A. and Patvardhan, A. and Renuka Devi, V. and Aiswarya, R. and Prasen, V.},
year = {2010//},
pages = {293 - 7},
address = {Piscataway, NJ, USA},
URL = {http://dx.doi.org/10.1109/ITC.2010.91},
} 

@article{10650397 ,
language = {English},
copyright = {Copyright 2009, The Institution of Engineering and Technology},
title = {Challenges of temperature sensing},
journal = {Control Engineering},
journal = {Control Eng. (USA)},
author = {Welander, P.},
volume = { 55},
number = { 12},
year = {2008/12/},
pages = {41 - 2},
issn = {0010-8049},
address = {USA},
} 

@inproceedings{12096602 ,
language = {English},
copyright = {Copyright 2011, The Institution of Engineering and Technology},
title = {Assessment of the dynamic performance of process control systems: A case study with temperature controller},
journal = {2011 3rd International Conference on Electronics Computer Technology (ICECT 2011)},
author = {Cellatoglu, A. and Balasubramanian, K.},
volume = {vol.4},
year = {2011//},
pages = {19 - 23},
address = {Piscataway, NJ, USA},
URL = {http://dx.doi.org/10.1109/ICECTECH.2011.5941848},
} 

@article{2006189852255 ,
language = {English},
copyright = {Compilation and indexing terms, Copyright 2016 Elsevier Inc.},
copyright = {Compendex},
title = {Rare earth magnets: Making the world a better, faster, safer place},
journal = {Industrial Heating},
volume = {73},
number = {4},
year = {2006},
pages = {28 - },
issn = {00198374},
} 

@article{9774403 ,
language = {English},
copyright = {Copyright 2008, The Institution of Engineering and Technology},
title = {The force acting on a superparamagnetic bead due to an applied magnetic field},
journal = {Lab on a Chip},
journal = {Lab Chip (UK)},
author = {Shevkoplyas, S.S. and Siegel, A.C. and Westervelt, R.M. and Prentiss, M.G. and Whitesides, G.M.},
volume = { 7},
number = { 10},
year = {2007/10/},
pages = {1294 - 302},
issn = {1473-0197},
address = {UK},
URL = {http://dx.doi.org/10.1039/b705045c},
} 

@article{8667402 ,
language = {English},
copyright = {Copyright 2005, IEE},
title = {Microfluidic capturing-dynamics of paramagnetic bead suspensions},
journal = {Lab on a Chip},
journal = {Lab Chip (UK)},
author = {Mikkelsen, C. and Bruus, H.},
volume = { 5},
number = { 11},
year = {2005/11/},
pages = {1293 - 7},
issn = {1473-0197},
address = {UK},
URL = {http://dx.doi.org/10.1039/b507104f},
} 

@software{Inventor,
  author = {{Autodesk}},
  title = {Autodesk Inventor Professional},
  version = {2017},
  date = {30/5/2016},
}

@online{Ferrotec,
  author = {Ferrotec Corporation},
  title = {{Thermoelectric Module} Basics},
  year = 2015,
  url = {https://thermal.ferrotec.com/technology/},
  urldate = {2016-10-4}
}

@online{UNSW,
  author = {Associate Professor Jay Katupitiya},
  title = {{Design of Controllers} Direct Methods},
  year = 2015,
  url = {http://moodle.telt.unsw.edu.au/mod/resource/view.php?id=610330},
  urldate = {2016-10-1}
}